@article{anderson19,
    author  = "Anderson A. de Moura Meneses, Alan M. M. de Lima, Roberto Schirru",
    title   = "Artificial Intelligence Methods Applied to the
In-Core Fuel Management Optimization",
    year    = "2019",
    journal = "Nuclear Engineering Program/COPPE - Federal University of Rio de Janeiro
Brazil",
}

@article{engie19,
    author  = "B. Vermeeren",
    title   = "Loading pattern optimization",
    year    = "2016"
}

@misc{MTC,
    author    = "Nuclea -Power.net",
    title     = "Article : Moderator Temperature Coefficient – MTC",
    note       = "\url{https://www.nuclear-power.net/nuclear-power/reactor-physics/nuclear-fission-chain-reaction/reactivity-coefficients-reactivity-feedbacks/moderator-temperature-coefficient-mtc/}
"
}

@misc{fluence,
    author    = "Nuclea -Power.net",
    title     = "Article : Neutron Fluence – What is Fluence",
    note       = "\url{https://www.nuclear-power.net/nuclear-power/reactor-physics/reactor-operation/fuel-burnup/units-of-fuel-burnup/neutron-fluence-what-is-fluence/}
"
}


@misc{burnup,
    author    = "Nuclea -Power.net",
    title     = "Article : Neutron Fluence – What is Fluence",
    note       = "\url{https://www.nuclear-power.net/nuclear-power/reactor-physics/reactor-operation/fuel-burnup/}
"
}


@misc{radial,
    author    = "Nuclea -Power.net",
    title     = "Article : Power Distribution in Conventional Reactors",
    note       = "\url{https://www.nuclear-power.net/nuclear-power/reactor-physics/neutron-diffusion-theory/power-distribution-conventional-reactors/}
"
}
@article{ephraim19,
    author  = "Ephraim N.",
    title   = "An Overview of AI Methods for in-Core Fuel
Management: Tools for the Automatic Design of
Nuclear Reactor Core Configurations for Fuel Reload,
(Re)arranging New and Partly Spent Fuel",
    year    = "2019",
    journal = "MDPI",
}

@misc{DBN,
    author    = "Nuclea -Power.net",
    title     = "Article : DNB – Departure from Nucleate Boiling",
    note       = "\url{https://www.nuclear-power.net/nuclear-engineering/heat-transfer/boiling-and-condensation/dnb-departure-from-nucleate-boiling/}"
}

@misc{gado,
    author    = "Nuclea -Power.net",
    title     = "Article : Gadolinium",
    note       = "\url{https://www.nuclear-power.net/nuclear-power-plant/turbine-generator-power-conversion-system/}"
}

@misc{net,
    title     = "Elements of neural netorks ",
    note       = "\url{https://course.elementsofai.com/5/3}"
}


